@misc{knig2020newton,
    title={Newton series expansion of bosonic operator functions},
    author={Jürgen König and Alfred Hucht},
    year={2020},
    eprint={2008.11139},
    archivePrefix={arXiv},
    primaryClass={quant-ph}
}

@ARTICLE{JordanWigner,
       author = {{Jordan}, P. and {Wigner}, E.},
        title = "{{\"U}ber das Paulische {\"A}quivalenzverbot}",
      journal = {Zeitschrift fur Physik},
         year = 1928,
        month = sep,
       volume = {47},
       number = {9-10},
        pages = {631-651},
          doi = {10.1007/BF01331938},
       adsurl = {https://ui.adsabs.harvard.edu/abs/1928ZPhy...47..631J},
      adsnote = {Provided by the SAO/NASA Astrophysics Data System}
}